<?xml version="1.0" encoding="UTF-8"?><collection xmlns="http://www.loc.gov/MARC21/slim"><record><leader>00555nam--2200205-u-4500</leader><controlfield tag="001">000053401</controlfield><controlfield tag="002">20161230</controlfield><controlfield tag="005">20161230201051</controlfield><controlfield tag="008">110324s1000------------r-----000-0-eng-d</controlfield><datafield ind1=" " ind2=" " tag="020"><subfield code="a">0123053404</subfield></datafield><datafield ind1=" " ind2=" " tag="040"><subfield code="a">IFIN-HH</subfield></datafield><datafield ind1=" " ind2=" " tag="080"><subfield code="a">530.16:530.145</subfield></datafield><datafield ind1="1" ind2=" " tag="100"><subfield code="a">Gudder, Stanley P</subfield></datafield><datafield ind1="1" ind2="0" tag="245"><subfield code="a">Quantum probability</subfield><subfield code="c">Stanley p. gudder</subfield></datafield><datafield ind1=" " ind2=" " tag="260"><subfield code="a">San Diego</subfield><subfield code="b">Academic Press, Inc</subfield><subfield code="c">1988</subfield></datafield><datafield ind1=" " ind2=" " tag="300"><subfield code="a">316P</subfield></datafield><datafield ind1=" " ind2=" " tag="490"><subfield code="a">Probability And Mathematical Statistics</subfield></datafield><datafield ind1=" " ind2="4" tag="650"><subfield code="a">Stochastic Processes</subfield></datafield><datafield ind1=" " ind2=" " tag="852"><subfield code="a">80568</subfield><subfield code="c">530.14</subfield></datafield><datafield ind1=" " ind2=" " tag="CAT"><subfield code="a">Sys</subfield><subfield code="c">20110324</subfield><subfield code="h">140320</subfield></datafield></record></collection>